@article{qin2020making,
  title={Making data visualization more efficient and effective: a survey},
  author={Qin, Xuedi and Luo, Yuyu and Tang, Nan and Li, Guoliang},
  journal={The VLDB Journal},
  volume={29},
  number={1},
  pages={93--117},
  year={2020},
  publisher={Springer}
}
@inproceedings{inastrilla2023data,
  title={Data Visualization in the Information Society},
  author={Inastrilla, Carlos Rafael Araujo},
  booktitle={Seminars in Medical Writing and Education},
  volume={2},
  pages={25--25},
  year={2023}
}
@article{shakeel2022comprehensive,
  title={A comprehensive state-of-the-art survey on data visualization tools: Research developments, challenges and future domain specific visualization framework},
  author={Shakeel, Hafiz Muhammad and Iram, Shamaila and Al-Aqrabi, Hussain and Alsboui, Tariq and Hill, Richard},
  journal={IEEE Access},
  volume={10},
  pages={96581--96601},
  year={2022},
  publisher={IEEE}
}
